@book{PhyboxDocumentation,
    key            = {Phybox Manual},
    publisher      = {IBK electronic+informatic},
    title          = {Phybox Manual},
    year           = {1998}
}

@misc{PhyboxDidaktikChemie,
    title = {Phybox/Phymex},
    url = {https://daten.didaktikchemie.uni-bayreuth.de/experimente/chembox/0_download/phybox.pdf},
    author = {{IBK electronic+informatic}},
    month = {04},
    year = {2023}
}